@misc{FER2013,
    author = {Pierre-Luc Carrier and Aaron Courville},
    title = {Facial Expression Recognition Challenge},
    year = {2013},
    howpublished= {\url{https://www.kaggle.com/c/challenges-in-representation-learning-facial-expression-recognition-challenge/data}}
} 

@misc{MTCNN,
  author = {ipacz},
  title = {mtcnn},
  year = {2016},
  publisher = {GitHub},
  journal = {GitHub repository},
  howpublished = {\url{https://github.com/ipazc/mtcnn}}
}

@article{1604.02878,
    Author = {Kaipeng Zhang and Zhanpeng Zhang and Zhifeng Li and Yu Qiao},
    Title = {Joint Face Detection and Alignment using Multi-task Cascaded Convolutional Networks},
    Year = {2016},
    Eprint = {arXiv:1604.02878},
    Doi = {10.1109/LSP.2016.2603342},
}